<record><leader>00000cas a22000007a 4500</leader><controlfield tag="001">13895134</controlfield><controlfield tag="008">860717d18971uuuutuwr ne      0    0eng d</controlfield><datafield ind1=" " ind2=" " tag="010"><subfield code="a">sn 86091531 </subfield></datafield><datafield ind1=" " ind2=" " tag="040"><subfield code="a">UNP</subfield><subfield code="b">eng</subfield><subfield code="c">UNP</subfield><subfield code="d">OCLCQ</subfield></datafield><datafield ind1=" " ind2=" " tag="042"><subfield code="a">msc</subfield></datafield><datafield ind1="0" ind2="0" tag="245"><subfield code="a">Lehi City rustler.</subfield></datafield><datafield ind1="1" ind2="3" tag="246"><subfield code="a">Lehi rustler</subfield></datafield><datafield ind1=" " ind2=" " tag="260"><subfield code="a">Lehi, Utah :</subfield><subfield code="b">Lehi City Rustler</subfield></datafield><datafield ind1=" " ind2=" " tag="300"><subfield code="a">v. ;</subfield><subfield code="c">30 cm.</subfield></datafield><datafield ind1=" " ind2=" " tag="310"><subfield code="a">Weekly</subfield></datafield><datafield ind1="1" ind2=" " tag="362"><subfield code="a">Began in 1897.</subfield><subfield code="z">Cf. Ayer, 1898.</subfield></datafield><datafield ind1=" " ind2=" " tag="588"><subfield code="a">Description based on: Unnumbered suppl. dated Feb. 26, 1897.</subfield></datafield><datafield ind1=" " ind2=" " tag="752"><subfield code="a">United States</subfield><subfield code="b">Utah</subfield><subfield code="c">Utah</subfield><subfield code="d">Lehi.</subfield></datafield></record>